@misc{nasa2014srtm1sdem,
  author={{NASA LP DAAC}},
  title={SRTM 1 Arc-Second Global},
  year={2000},
  address={NASA EOSDIS Land Processes DAAC, USGS Earth Resources Observation and Science (EROS) Center, Sioux Falls, South Dakota},
  howpublished={\url{https://earthexplorer.usgs.gov/}},
  note={published September 2014, accessed May 2016}
}
@article{bishop1995drainage,
  title={Drainage rearrangement by river capture, beheading and diversion},
  author={Bishop, Paul},
  journal={Progress in physical geography},
  volume={19},
  number={4},
  pages={449--473},
  year={1995},
  publisher={Sage Publications Sage CA: Thousand Oaks, CA}
}
@article{sun2007fast,
  title={Fast and effective feature-preserving mesh denoising},
  author={Sun, Xianfang and Rosin, Paul and Martin, Ralph and Langbein, Frank},
  journal={IEEE Transactions on Visualization \& Computer Graphics},
  number={5},
  pages={925--938},
  year={2007},
  publisher={IEEE}
}
@book{condit1998tropical,
  title={Tropical forest census plots: methods and results from Barro Colorado Island, Panama and a comparison with other plots},
  author={Condit, Richard},
  year={1998},
  publisher={Springer Science \& Business Media}
}
@article{lindenmayer2010science,
  title={The science and application of ecological monitoring},
  author={Lindenmayer, David B and Likens, Gene E},
  journal={Biological conservation},
  volume={143},
  number={6},
  pages={1317--1328},
  year={2010},
  publisher={Elsevier}
}
@incollection{franklin1989importance,
  title={Importance and justification of long-term studies in ecology},
  author={Franklin, Jerry F},
  booktitle={Long-term studies in ecology},
  pages={3--19},
  year={1989},
  publisher={Springer}
}
@misc{Hubbell2005Barro,
  title={Forest Census Plot on Barro Colorado Island},
  author={Hubbell, Stephen and Condit, Richard and Foster, Robin},
  howpublished={\url{http://ctfs.si.edu/webatlas/datasets/bci/}},
  year={2005},
  note={published 2005, accessed May 2021}
  }
@software{jose_ramon_martinez_batlle_2020_4402362,
  author       = {José Ramón Martínez Batlle},
  title        = {{biogeografia-master/scripts-de-analisis-BCI: Long 
                   coding sessions}},
  month        = dec,
  year         = 2020,
  publisher    = {Zenodo},
  version      = {v0.0.0.9000},
  doi          = {10.5281/zenodo.4402362},
  url          = {https://doi.org/10.5281/zenodo.4402362},
  }
  @Manual{RSoft,
    title = {R: A Language and Environment for Statistical Computing},
    author = {{R Core Team}},
    organization = {R Foundation for Statistical Computing},
    address = {Vienna, Austria},
    year = {2020},
    url = {https://www.R-project.org/},
  }
  @Manual{VeganPack,
    title = {vegan: Community Ecology Package},
    author = {Jari Oksanen and F. Guillaume Blanchet and Michael Friendly and Roeland Kindt and Pierre Legendre and Dan McGlinn and Peter R. Minchin and R. B. O'Hara and Gavin L. Simpson and Peter Solymos and M. Henry H. Stevens and Eduard Szoecs and Helene Wagner},
    year = {2019},
    note = {R package version 2.5-6},
    url = {https://CRAN.R-project.org/package=vegan},
  }
  @Book{Biodiv,
    title = {Tree diversity analysis. A manual and software for common statistical methods for ecological and biodiversity studies},
    author = {R. Kindt and R. Coe},
    publisher = {World Agroforestry Centre (ICRAF)},
    address = {Nairobi (Kenya)},
    year = {2005},
    note = {ISBN 92-9059-179-X},
    url = {http://www.worldagroforestry.org/output/tree-diversity-analysis},
  }
  @Manual{Tidyverse,
    title = {tidyverse: Easily Install and Load the 'Tidyverse'},
    author = {Hadley Wickham},
    year = {2017},
    note = {R package version 1.2.1},
    url = {https://CRAN.R-project.org/package=tidyverse},
  }
   @Manual{indicspecies,
    title = {Associations between species and groups of sites: indices and statistical inference},
    author = {Miquel {De Caceres} and Pierre Legendre},
    journal = {Ecology},
    year = {2009},
    url = {http://sites.google.com/site/miqueldecaceres/},
  }
  @Article{sfpackage,
    author = {Edzer Pebesma},
    title = {{Simple Features for R: Standardized Support for Spatial Vector Data}},
    year = {2018},
    journal = {{The R Journal}},
    doi = {10.32614/RJ-2018-009},
    url = {https://doi.org/10.32614/RJ-2018-009},
    pages = {439--446},
    volume = {10},
    number = {1},
  }
@Manual{MapView,
    title = {mapview: Interactive Viewing of Spatial Data in R},
    author = {Tim Appelhans and Florian Detsch and Christoph Reudenbach and Stefan Woellauer},
    year = {2019},
    note = {R package version 2.7.0},
    url = {https://CRAN.R-project.org/package=mapview},
  }
@Manual{Leaflet,
    title = {leaflet: Create Interactive Web Maps with the JavaScript 'Leaflet'
Library},
    author = {Joe Cheng and Bhaskar Karambelkar and Yihui Xie},
    year = {2018},
    note = {R package version 2.0.2},
    url = {https://CRAN.R-project.org/package=leaflet},
  }
  @Manual{EZ,
    title = {ez: Easy Analysis and Visualization of Factorial Experiments},
    author = {Michael A. Lawrence},
    year = {2016},
    note = {R package version 4.4-0},
    url = {https://CRAN.R-project.org/package=ez},
  }
@Manual{psych,
    title = {psych: Procedures for Psychological, Psychometric, and Personality Research},
    author = {William Revelle},
    organization = { Northwestern University},
    address = { Evanston, Illinois},
    year = {2019},
    note = {R package version 1.9.12},
    url = {https://CRAN.R-project.org/package=psych},
  }
 @Manual{adespatial,
    title = {adespatial: Multivariate Multiscale Spatial Analysis},
    author = {Stéphane Dray and David Bauman and Guillaume Blanchet and Daniel Borcard and Sylvie Clappe and Guillaume Guenard and Thibaut Jombart and Guillaume Larocque and Pierre Legendre and Naima Madi and Helene H Wagner},
    year = {2020},
    note = {R package version 0.3-8},
    url = {https://CRAN.R-project.org/package=adespatial},
  }
  @article{glimn2006palm,
  title={Palm Family (Arecaceae)},
  author={Glimn-Lacy, Janice and Kaufman, Peter B},
  journal={Botany Illustrated: Introduction to Plants, Major Groups, Flowering Plant Families},
  pages={125--125},
  year={2006},
  publisher={Springer}
}
@article{stevenson2008determinantes,
  title={Determinantes de la composici{\'o}n flor{\'\i}stica y efecto de borde en un fragmento de bosque en el Guaviare, Amazon{\'\i}a colombiana},
  author={Stevenson, Pablo R and Rodr{\'\i}guez, Mar{\'\i}a Elizabeth},
  journal={Colombia forestal},
  volume={11},
  pages={5--17},
  year={2008},
  publisher={Universidad Distrital Francisco Jos{\'e} de Caldas}
}
@article{legendre2019spatial,
  title={Spatial and temporal analysis of beta diversity in the Barro Colorado Island forest dynamics plot, Panama},
  author={Legendre, Pierre and Condit, Richard},
  journal={Forest Ecosystems},
  volume={6},
  number={1},
  pages={1--11},
  year={2019},
  publisher={Springer}
}
@article{valenciaestudios,
  title={ESTUDIOS SOBRE DIVERSIDAD Y ECOLOGIA DE PLANTAS},
  author={Valencia, Renato and Balslev, Henrik},
  year={1997},
}
@book{grandtner2013dictionary,
  title={Dictionary of trees, volume 2: South America: Nomenclature, taxonomy and ecology},
  author={Grandtner, Miroslav M and Chevrette, Julien},
  year={2013},
  publisher={Academic Press}
}
@book{borcard2018numerical,
  title={Numerical ecology with R},
  author={Borcard, Daniel and Gillet, Fran{\c{c}}ois and Legendre, Pierre},
  year={2018},
  publisher={Springer}
}
@article{chiu2014improved,
  title={An improved nonparametric lower bound of species richness via a modified good--turing frequency formula},
  author={Chiu, Chun-Huo and Wang, Yi-Ting and Walther, Bruno A and Chao, Anne},
  journal={Biometrics},
  volume={70},
  number={3},
  pages={671--682},
  year={2014},
  publisher={Wiley Online Library}
}
@article{balslev2011species,
  title={Species diversity and growth forms in tropical American palm communities},
  author={Balslev, Henrik and Kahn, Francis and Millan, Betty and Svenning, Jens-Christian and Kristiansen, Thea and Borchsenius, Finn and Pedersen, Dennis and Eiserhardt, Wolf L},
  journal={The Botanical Review},
  volume={77},
  number={4},
  pages={381--425},
  year={2011},
  publisher={Springer}
}
@article{currie1991energy,
  title={Energy and large-scale patterns of animal-and plant-species richness},
  author={Currie, David J},
  journal={The American Naturalist},
  volume={137},
  number={1},
  pages={27--49},
  year={1991},
  publisher={University of Chicago Press}
}
@article{o1998water,
  title={Water-energy dynamics, climate, and prediction of woody plant species richness: an interim general model},
  author={O'Brien, Eileen},
  journal={Journal of Biogeography},
  volume={25},
  number={2},
  pages={379--398},
  year={1998},
  publisher={Wiley Online Library}
}